<record><leader>00000cas a22000007a 4500</leader><controlfield tag="001">16578904</controlfield><controlfield tag="008">870828d18261826msuwr ne      0    0eng d</controlfield><datafield ind1=" " ind2=" " tag="010"><subfield code="a">sn 87065480 </subfield></datafield><datafield ind1=" " ind2=" " tag="040"><subfield code="a">MJA</subfield><subfield code="b">eng</subfield><subfield code="c">MJA</subfield><subfield code="d">MSJ</subfield><subfield code="d">KNP</subfield><subfield code="d">NVF</subfield><subfield code="d">OCL</subfield><subfield code="d">OCLCQ</subfield><subfield code="d">OCLCF</subfield><subfield code="d">OCLCO</subfield></datafield><datafield ind1=" " ind2=" " tag="042"><subfield code="a">msc</subfield></datafield><datafield ind1=" " ind2=" " tag="043"><subfield code="a">n-us-ms</subfield></datafield><datafield ind1="0" ind2="0" tag="245"><subfield code="a">Pearl River herald, and eastern public advertiser.</subfield></datafield><datafield ind1=" " ind2=" " tag="260"><subfield code="a">Monticello, Lawrence Co., Miss. :</subfield><subfield code="b">Wm. A.A. Chisholm,</subfield><subfield code="c">1826-</subfield></datafield><datafield ind1=" " ind2=" " tag="300"><subfield code="a">v.</subfield></datafield><datafield ind1=" " ind2=" " tag="310"><subfield code="a">Weekly</subfield></datafield><datafield ind1="0" ind2=" " tag="362"><subfield code="a">Vol. 1, no. 1 (Dec. 8, 1826)-</subfield></datafield><datafield ind1="1" ind2=" " tag="362"><subfield code="a">Ceased in Dec. 1826?</subfield></datafield><datafield ind1=" " ind2="0" tag="651"><subfield code="a">Monticello (Miss.)</subfield><subfield code="v">Newspapers.</subfield></datafield><datafield ind1=" " ind2="7" tag="655"><subfield code="a">Newspapers.</subfield><subfield code="2">fast</subfield><subfield code="0">(OCoLC)fst01423814</subfield></datafield><datafield ind1=" " ind2="7" tag="651"><subfield code="a">Mississippi</subfield><subfield code="z">Monticello.</subfield><subfield code="2">fast</subfield><subfield code="0">(OCoLC)fst01219387</subfield></datafield><datafield ind1=" " ind2=" " tag="752"><subfield code="a">United States</subfield><subfield code="b">Mississippi</subfield><subfield code="c">Lawrence</subfield><subfield code="d">Monticello.</subfield></datafield></record>